@book{GRIFFITHS2008,
  title={Introduction to elementary particles},
  author={Griffiths, D.},
  year={2008},
  address={E.U.A},
  publisher={Wiley-VCH}
}


@article{EVANS2008,
    author = {Evans, Lyndon and Bryant, Philip},
    journal = {Journal of Instrumentation},
    month = aug,
    number = {08},
    title = {{LHC Machine}},
    volume = {3},
    year = {2008}
}
@article{ACZEL2012,
    author= "Aczel, Amir D.",
    title = "{Present at the creation: The story of CERN and the Large Hadron
        Collider}",
    year  = "2010",
}

@misc{ref:atlas_www,
    title="Página \emph{web} do experimento ATLAS",
    howpublished="\url{http://atlas.ch}",
    month="Novembro",
    year="2012",
}

@misc{ref:cern_www,
    title="Página \emph{web} do CERN",
    howpublished="\url{http://public.cern.ch}",
    month="Novembro",
    year="2012",
}
@misc{ref:atlas_factsheet,
    title="ATLAS \emph{Factsheet}",
    howpublished="\url{http://www.atlas.ch/fact-sheets-1-view.html}",
    month="Novembro",
    year="2012",
}

@phdthesis{ref:solans,
      author       = "Solans Sánchez, Carlos Antonio and Valls Ferrer, Juan
                      Antonio and Higón Rodríguez, Emilio",
      title        = "Implementation of the ROD Crate DAQ Software for the ATLAS
                      Tile Calorimeter and a Search for a MSSM Higgs Boson
                      decaying into Tau pairs.",
      school       = "Valencia, Universitat de Valencia",
      address      = "Valencia",
      year         = "2010",
}

@book{TREES2001,
  title={Detection, Estimation and Modulation Theory, Part III},
  author={Trees, H.L.V.},
  year={2001},
  address={Nova York},
  publisher={John Wiley \& Sons, Inc}
}


@phdthesis{ref:SIMAS,
      author       = "Simas Filho, E.F. . and Seixas, J.M. and Calôba, L.P.",
      title        = "Análise Não-Linear de Componentes Independentes para uma
          Filtragem Online Baseada em Calorimetria de Alta Energia e com Fina
          Segmentação",
      school       = "COPPE/UFRJ",
      address      = "Rio de Janeiro",
      year         = "2010"
}

@phdthesis{ref:TORRES,
      author       = "Torres, R.C. and Seixas, J.M.",
      title        = "Sistema Online de Filtragem em um Ambiente com Alta Taxa
      de Eventos e Fina Granularidade",
      school       = "COPPE/UFRJ",
      address      = "Rio de Janeiro",
      year         = "2010"
}

@article{ref:PICASSO1990,
    author = {Myers, S. and Picasso, E.},
    title = {The design, construction and commissioning of the CERN large
        Electronic Positron Collider},
    journal = {Contemporary Physics},
    volume = {31},
    number = {6},
    pages = {387-403},
    year = {1990},

}

@article{ref:ANDERSON2011,
      author       = "Anderson, K and Bohm, C and Drake, G and Eriksson, D and
                      Muschter, S and Oreglia, M and Pilcher, J and Price, L and
                      Tang, F",
      title        = "Upgrade Design of TileCal Front-end Readout Electronics and
                      Radiation Hardness Studies",
      month        = "Junho",
      year         = "2011"
}

@article{ref:BOELAERT2012,
   author = {Boelaert, Nele and Boelaert, Nele},
   title = {The ATLAS Experiment},
   booktitle = {Dijet Angular Distributions in Proton-Proton Collisions},
   series = {Springer Theses},
   publisher = {Springer Berlin Heidelberg},
   pages = {65-81},
   year = {2012}
}
@article{ref:CMS,
    author = {{The CMS Collaboration}},
    journal = {Journal of Instrumentation},
    month = {Ago},
    number = {08},
    title = {The {CMS} experiment at the {CERN} {LHC}},
    volume = {3},
    year = {2008}
}

@article{ref:SZUMLAK2010,
    volume = {41},
    number = {7},
    title = {{The LHCb experiment}},
    author = {T. Szumlak},
    year = {2010},
    pages = {1661--1668},
    journal = {Acta Physica Polonica. Series B: Elementary Particle Physics, Nuclear Physics, Statistical Physics, Theory of Relativity, Field Theory},
}

@article{ref:ALICE2008,

    author = {{The ALICE Collaboration}},
    journal = {Journal of Instrumentation},
    month = aug,
    number = {08},
    title = {The {ALICE} experiment at the {CERN} {LHC}},
    volume = {3},
    year = {2008}
}

@article{ref:atlas2009,
  title={ATLAS Muon Spectrometer},
  author={The ATLAS collaboration},
  year={2009}
}

@article{ref:2010performance,
  title={Performance of the ATLAS Trigger System in 2010},
  author={{The ATLAS Collaboration}},
  journal={The European Physical Journal C-Particles and Fields},
  volume={72},
  number={1},
  pages={1-61},
  year={2012},
  publisher={Springer}
}

@article{ARIZTIZABAL1994,
  title={Construction and performance of an iron-scintillator hadron calorimeter with longitudinal tile configuration},
  author={Ariztizabal, F. and Bosman, M. and Cavalli-Sforza, M. and Efthymiopoulos, I. and Padilla, C. and Teubert, F. and Arsenescu, R. and Blag, C. and Boldea, V. and Dita, S. and others},
  journal={Nuclear Instruments and Methods in Physics Research Section A: Accelerators, Spectrometers, Detectors and Associated Equipment},
  volume={349},
  number={2},
  pages={384--397},
  year={1994},
  publisher={Elsevier}
}
@article{AAD2010READINESS,
  title={Readiness of the ATLAS Tile Calorimeter for LHC collisions},
  author={{The ATLAS Collaboration}},
  journal={The European Physical Journal C-Particles and Fields},
  volume={70},
  number={4},
  pages={1193--1236},
  year={2010},
  publisher={Springer}
}

@techreport{MERMOD2008,
  title={Effects of ATLAS Tile calorimeter failures on jets and missing transverse energy measurement},
  author={Mermod, P. and Arabidze, G. and Milstead, D. and Stanek, R.},
  year={2008},
  institution={ATLAS Note ATL-TILECAL-PUB-2008-011-1, 2008. http://cdsweb. cern. ch/record/1120460}
}

@inproceedings{pina2007tilecal,
  title={The TILECAL detector control system},
  author={Pina, J. and Gomes, A. and Marques, C.N. and Vieira, T.R. and Pascal, B.},
  booktitle={11th International Conference on Acelerator and Large Experimental Physics Control Systems, Knoxville, EUA},
  pages={3},
  year={2007}
}

@techreport{DETECTOR1996TECHNICAL,
  title={Technical Design Report},
  author={{The ATLAS Colaboration}},
  year={1996},
  institution={CERN/LHCC/98-6 (4/1998)}
}

@article{hruska2007radiation,
  title={Radiation-Tolerant Custom Made Low Voltage Power Supply System for ATLAS/TileCal Detector},
  author={Hruska, I. and Palan, B. and Calheiros, F. and Nemecek, S. and Kotek, Z. and Palacky, J. and Price, L. and Lokajicek, M. and Tikhonov, A. and Solin, A.},
  journal={Proc. TWEPP},
  year={2007}
}

@article{GRAEL2011,
    author = {Grael, F. F. and Maidantchik, C. and \'{E}vora, L. H. R. A. and Karam, K. and Moraes, L. O. F. and Cirilli, M. and Nessi, M. and Pomm\`{e}s, K. and the Atlas Collaboration},
    journal = {Journal of Physics: Conference Series},
    month = dec,
    number = {8},
    title = {Glance Information System for {ATLAS} Management},
    volume = {331},
    year = {2011}
}

@article{ANDERSON2005,
  title={Design of the front-end analog electronics for the ATLAS tile calorimeter},
  author={Anderson, K. and Gupta, A. and Merritt, F. and Oreglia, M. and Pilcher, J. and Sanders, H. and Shochet, M. and Tang, F. and Teuscher, R. and Wu, H. and others},
  journal={Nuclear Instruments and Methods in Physics Research Section A: Accelerators, Spectrometers, Detectors and Associated Equipment},
  volume={551},
  number={2},
  pages={469--476},
  year={2005},
  publisher={Elsevier}
}

@article{AMES1998,
  title={Measurement of 20 hamamatsu R-5900 photomultiplier tubes for ATLAS tilecal module-0},
  author={Ames, E. and Cogswell, F. and Downing, RW and Errede, D. and Errede, S. and Griswold, M. and La Due, J. and Ruppert-Felsot, JE and Seshagiri, C. and Simaitis, V. and others},
  journal={ATLAS Internal Note Tilecal-NO-98-156},
  year={1998}
}

@techreport{ANDERSON2009,
  title={Calibration of ATLAS Tile Calorimeter at electromagnetic scale},
  author={Anderson, KJ and Batkova, L. and Cavalli-Sforza, M. and Carli, T. and Cascella, M. and Davidek, T. and Del Prete, T. and Djobava, T. and Dotti, A. and Febbraro, R. and others},
  year={2009},
  institution={ATLAS Note ATL-TILECAL-PUB-2009-001}
}

@article{CERQUEIRA2007,
  title={Analog system for building the first-level triggering signal provided by the hadronic calorimeter of ATLAS detector},
  author={Cerqueira, AS and Seixas, JM and Cal{\^o}ba, LP},
  journal={Nuclear Instruments and Methods in Physics Research Section A: Accelerators, Spectrometers, Detectors and Associated Equipment},
  volume={570},
  number={1},
  pages={117--125},
  year={2007},
  publisher={Elsevier}
}

@inproceedings{CIODARO2009,
  title={A receiver system for the TileCal muon signals},
  author={Ciodaro, T.},
  booktitle={Nuclear Science Symposium Conference Record (NSS/MIC), 2009 IEEE},
  pages={1857--1862},
  year={2009},
  organization={IEEE}
}


@article{Aad:1275998,
      author       = {{The ATLAS Collaboration}},
      title        = "Commissioning of the ATLAS Muon Spectrometer with Cosmic
                      Rays. oai:cds.cern.ch:1275998",
      journal      = "Eur. Phys. J. C",
      volume       = "70",
      pages        = "875-916",
      month        = "Agosto",
      year         = "2010",
}

@book{MUONTDR1997,
      title        = "ATLAS muon spectrometer: Technical Design Report",
      publisher    = "CERN",
      address      = "Genebra",
      series       = "Technical Design Report ATLAS",
      year         = "1997",
      note         = "distribution",
}

@article{ATLAS2008,
    author = {{The ATLAS Collaboration}},
    journal = {Journal of Instrumentation},
    month = {Agosto},
    number = {08},
    title = {The {ATLAS} Experiment at the {CERN} Large Hadron Collider},
    volume = {3},
    year = {2008}
}

@article{RIEGLER2000,
  title={Front-end electronics for drift tubes in a high-rate environment},
  author={Riegler, W. and Aleksa, M. and Deile, M. and Dubbert, J. and Fabjan, C.W. and Gruhn, C. and Hessey, NP and Sammer, T.},
  journal={Nuclear Instruments and Methods in Physics Research Section A: Accelerators, Spectrometers, Detectors and Associated Equipment},
  volume={446},
  number={3},
  pages={555--559},
  year={2000},
  publisher={Elsevier}
}

@article{ANULLI2009,
  title={The Level-1 Trigger Muon Barrel System of the ATLAS experiment at CERN},
  author={Anulli, F. and Ciapetti, G. and De Pedis, D. and Di Girolamo, A. and Luci, C. and Nisati, A. and Pasqualucci, E. and Pastore, F. and Petrolo, E. and Rosati, S. and others},
  journal={Journal of Instrumentation},
  volume={4},
  number={04},
  year={2009},
  publisher={IOP Publishing}
}

@techreport{LEVEL1TRIGGER,
  title={Trigger Group ATLAS First-Level Trigger Technical Design Report ATLAS TDR-12},
  author={{The ATLAS COLLABORATION}},
  year={1998},
  institution={CERN},
  address={Genebra}
}

@phdthesis{EGEDE1998,
  title={The search for a standard model Higgs at the LHC and electron identification using transition radiation in the ATLAS tracker},
  author={Egede, U.},
  year={1998},
  school={Department of Physics, Lund University}
}

@article{ARMSTRONG2004,
  title={Studies for a common selection software environment in ATLAS: from the level-2 trigger to the offline reconstruction},
  author={Armstrong, S. and Baines, JT and Bee, CP and Biglietti, M. and Bogaerts, A. and Boisvert, V. and Bosman, M. and Brandt, S. and Caron, B. and Casado, P. and others},
  journal={Nuclear Science, IEEE Transactions on},
  volume={51},
  number={3},
  pages={915--920},
  year={2004},
  publisher={IEEE}
}

@article{VAN2009,
  title={The event data store and I/O framework for the ATLAS experiment at the Large Hadron Collider},
  author={van Gemmeren, P. and Malon, D.},
  journal={IEEE International Conference on Cluster Computing and Workshops},
  pages={1--8},
  year={2009},
  publisher={IEEE}
}

@article{POLINI2012,
  title={Design and performance of the detector control system of the ATLAS resistive-plate-chamber muon spectrometer},
  author={Polini, A.},
  journal={Nuclear Instruments and Methods in Physics Research Section A: Accelerators, Spectrometers, Detectors and Associated Equipment},
  volume={661},
  pages={S15--S18},
  year={2012},
  publisher={Elsevier}
}

@inproceedings{ARABIDZE2011,
  title={Detector Control System of the ATLAS Tile Calorimeter},
  author={Arabidze, G. and Nemecek, S. and Ribeiro, G. and Santos, H. and Vinagre, F.},
  booktitle={13th International Conference on Accelerator and Large Experimental Physics Control Systems, Grenoble, France, 10-14 Oct 2011},
  year={2011}
}

@article{PPOY2008,
    title={The detector control system of the ATLAS experiment},
    author={Poy, A.B. and Boterenbrood, H. and Burckhart, HJ and Cook, J. and Filimonov, V. and Franz, S. and Gutzwiller, O. and Hallgren, B. and Khomutnikov, V. and Schlenker, S. and others},
    journal={Journal of Instrumentation},
    volume={3},
    number={05},
    year={2008},
    publisher={IOP Publishing}
}

@article{MIOTTO2010,
  title={Configuration and control of the ATLAS trigger and data acquisition},
  author={Miotto, G.L. and Aleksandrov, I. and Amorim, A. and Avolio, G. and Badescu, E. and Caprini, M. and Corso-Radu, A. and Darlea, G.L. and Dos Anjos, A. and Fedorko, I. and others},
  journal={Nuclear Instruments and Methods in Physics Research Section A: Accelerators, Spectrometers, Detectors and Associated Equipment},
  volume={623},
  number={1},
  pages={549--551},
  year={2010},
  publisher={Elsevier}
}

@techreport{ATLAS2011TAU,
      title        = "Reconstruction, Energy Calibration, and Identification of
                      Hadronically Decaying Tau Leptons",
      institution  = "CERN",
      author       = {{The ATLAS collaboration}},
      address      = "Genebra",
      month        = "Maio",
      year         = "2011",
}

@article{jenni2003atlas,
  title={ATLAS high-level trigger, data-acquisition and controls: Technical Design Report},
  author={Jenni, P. and Nessi, M. and Nordberg, M. and Smith, K.},
  journal={Technical Design Report ATLAS. CERN, Genebra},
  volume={42},
  year={2003}
}

@article{PETERSEN,
      author       = "Petersen, B A",
      title        = "ATLAS Trigger System",
      month        = "Julho",
      year         = "2012",
      journal      = "iCHEP2012"
}

@article{HASSANI2007,
title = "A muon identification and combined reconstruction procedure for the ATLAS detector at the LHC using the (MUONBOY, STACO, MuTag) reconstruction packages",
author = "S. Hassani and L. Chevalier and E. Lançon and J.-F. Laporte and R. Nicolaidou and A. Ouraou",
journal = "Nuclear Instruments and Methods in Physics Research Section A: Accelerators, Spectrometers, Detectors and Associated Equipment",
volume = "572",
number = "1",
pages = "77 - 79",
year = "2007",
}

@techreport{ATLAS-CONF-2012-099,
      title        = "Performance of the ATLAS Muon Trigger in 2011",
      institution  = "CERN",
      author       ={{The ATLAS Collaboration}},
      address      = "Genebra",
      month        = "Julho",
      year         = "2012",
}

@book{PERKINS2000,
  title={Introduction to high energy physics},
  author={Perkins, D.H.},
  year={2000},
  publisher={Cambridge University Press},
  address={Inglaterra}
}



@article{ACHENBACH2008,
  author={R Achenbach and P Adragna and V Andrei and P Apostologlou and B Ãsman and C Ay and B M Barnett and B Bauss and M Bendel and C Bohm and J R A
Booth and I P Brawn and P Bright Thomas and D G Charlton and N J Collins and C J Curtis and A Dahlhoff and A O Davis and S
Eckweiler and J P Edwards and E Eisenhandler and P J W Faulkner and J Fleckner and F FÃ¶hlisch and J Garvey and C N P Gee and A R
Gillman and P Hanke and R P Hatley and S Hellman and A HidvÃ©gi and S J Hillier and K Jakobs and M Johansen and E -E Kluge and M Landon and V
Lendermann and J N Lilley and K Mahboubi and G Mahout and A Mass and K Meier and T Moa and E Moyse and F MÃ¼ller and A Neusiedl and C
NÃ¶ding and B Oltmann and J M Pentney and V J O Perera and U Pfeiffer and D P F Prieur and W Qian and D L Rees and S Rieke and F RÃ¼hr and D P
C Sankey and U SchÃ¤fer and K Schmitt and H -C Schultz-Coulon and C Schumacher and S Silverstein and R J Staley and R Stamen and M C
Stockton and S Tapprogge and J P Thomas and T Trefzger and P M Watkins and A Watson and P Weber and E -E Woehrling},
  title={The ATLAS Level-1 Calorimeter Trigger},
  journal={Journal of Instrumentation},
  volume={3},
  number={03},
  year={2008},
}

@techreport{BUTTINGER2012,
      author       = "Buttinger, W",
      title        = "The ATLAS Level-1 Trigger System",
      institution  = "CERN",
      address      = "Genebra",
      number       = "ATL-DAQ-PROC-2012-024",
      month        = "Junho",
      year         = "2012",
}

@article{ANJOS2004,
    Author = {A. {dos Anjos} and M. Abolins and S. Armstrong and J. T. Baines
        and M. Barisonzi and H. P. Beck and C. P. Bee and M. Beretta and M.
            Biglietti and R. Blair and A. Bogaerts and V. Boisvert and M.
            Bosman and H. Boterenbrood and D. Botterill and S. Brandt and B.
            Caron and P. Casado and G. Cataldi and D. Cavalli and M. Cervetto
            and M. Ciobotaru and G. Comune and A. Corso-Radu and E. Palencia
            Cortezon and R. Cranfield and G. Crone and J. Dawson and B. Di
            Girolamo and A. Di Mattia and M. Diaz Gomez and R. Dobinson and J.
            Drohan and N. Ellis and M. Elsing and B. Epp and Y. Ermoline and F.
            Etienne and S. Falciano and A. Farilla and M. L. Ferrer and D.
            Francis and S. Gadomski and S. Gameiro and S. George and V. Ghete
            and P. Golonka and S. Gonz{\'a}lez and B. Gorini and B. Green and
            M. Grothe and M. Gruwe and S. Haas and C. Haeberli and Y. Hasegawa
            and R. Hauser and C. Hinkelbein and R. Hughes-Jones and P.
            Jansweijer and M. Joos and A. Kaczmarska and K. Karr and A. Khomich
            and G. Kieft and E. Knezo and N. Konstantinidis and K. Korcyl and
            W. Krasny and A. Kugel and A. Lankford and G. Lehmann and M. LeVine
            and W. Li and W. Liu and A. Lowe and L. Luminari and T. Maeno and
            M. Losada Maia and L. Mapelli and B. Martin and R. McLaren and C.
            Meessen and C. Meirosu and A. G. Mello and G. Merino and A.
            Misiejuk and R. Mommsen and P. Morettini and G. Mornacchi and E.
            Moyse and M. M{\"u}ller and Y. Nagasaka and A. Nairz and K.
            Nakayoshi and A. Negri and N. Nikitin and A. Nisati and C. Padilla
            and I. Papadopoulos and F. Parodi and V. Perez-Reale and J.
            Petersen and J. L. Pinfold and P. Pinto and G. Polesello and B.
            Pope and D. Prigent and Z. Qian and S. Resconi and S. Rosati and D.
            A. Scannicchio and C. Schiavi and J. Schlereth and T.
            Schoerner-Sadenius and E. Segura and J. M. Seixas and T. Shears and
            M. Shimojima and S. Sivoklokov and M. Smizanska and R. Soluk and R.
            Spiwoks and S. Stancu and C. Stanescu and J. Strong and S.
            Tapprogge and L. Tremblet and F. Touchard and V. Vercesi and V.
            Vermeulen and A. Watson and T. Wengler and P. Werner and S. Wheeler
            and F. J. Wickens and W. Wiedenmann and M. Wielers and Y. Yasu and
            M. Yu and H. Zobernig and and M. Zurek},
    Journal = {IEEE Transactions on Nuclear Science},
    Month = {junho},
    Number = {3},
    Pages = {909-914},
    Title = {The Second Level Trigger of the {ATLAS} Experiment at {CERN}'s {LHC}},
    Volume = {51},
    Year = {2004},
}

@book{SCHILDT2003,
    Author = {Herbert Schildt},
    Edition = {$4^a$},
    Address = {E.U.A.},
    Publisher = {McGraw-Hill},
    Title = {C++: The Complete Reference},
    Year = {2003}
}
@article{KORDAS2007,
  title={The ATLAS Data Acquisition and Trigger: concept, design and status},
  author={Kordas, K. and Abolins, M. and Alexandrov, I. and Amorim, A. and
      Aracena, I. and Armstrong, S. and Badescu, E. and Baines, JTM and Barros,
      N. and Beck, HP},
  journal={Nuclear Physics B-Proceedings Supplements},
  volume={172},
  pages={178--182},
  year={2007},
  publisher={Elsevier}
}


@article{RIU2008,
    Author = {Riu, I. and Abolins, M. and Adragna, P. and Avolio, G. and
        Backlund, S. and Badescu, E. and Baines, J. and Batreanu, S. and
            Battaglia, A. and Beck, H.P. and Bee, C. and Bell, P. and Blair,
        R.R. and Bogaerts, A. and Bold, T. and Bosman, M. and Boyd, J. and
            Burckhart-Chromek, D. and Caprini, M. and Cimino, D. and Ciobotaru,
        M. and Corso-Radu, A. and Costa, M.J. and Torres, R.C. and Cranfield,
        R. and Crone, G. and Dawson, J. and De Almeida Simoes, J. and
            DellaPietra, M. and Demers, S. and Di Mattia, A. and Dobson, M. and
            Dos Anjos, A. and Dotti, A. and Drake, G. and Ellis, N. and
            Emeliyanov, D. and Ermoline, Y. and Eschrich, I. and Ferland, J.
            and Ferrari, R. and Ferrer, M.L. and Francis, D. and Gadomski, S.
            and Gameiro, S. and Garitaonandia, H. and Gaudio, G. and Gorini, B.
            and Gowdy, S. and Green, B. and Haberichter, W. and Hadavand, H.
            and Haeberli, C. and Hauschild, M. and Hauser, R. and Hillier, S.
            and Hinkelbein, C. and Hughes-Jones, R. and Idarraga, J. and Joos,
        M. and Kazarov, A. and Kehoe, R. and Kieft, G. and Kirk, J. and Kolos,
        S. and Kordas, K. and Korcyl, K. and Kugel, A. and Leahu, L. and Leahu,
        M. and Miotto, G.L. and Lellouch, D. and Mapelli, L. and Martin, B. and
            Masik, J. and Mcpherson, R. and Meessen, C. and Meirosu, C. and
            Mineev, M. and Misiejuk, A. and Mornacchi, G. and Mueller, M. and
            Garcia, R.M. and Nagasaka, Y. and Negri, A. and Padilla, C. and
            Parodi, F. and Pasqualucci, E. and Pauly, T. and Petersen, J. and
            Pope, B. and Renkel, P. and Roda, C. and Salvatore, D. and
            Scannicchio, D. and Schiavi, C. and Schlereth, J. and Scholtes, I.
            and Sivoklokov, S. and Sloper, J.E. and Soloviev, I. and Spiwoks,
        R. and Stancu, S. and Stelzer, J. and Strong, J. and Sushkov, S. and
            Tremblet, L. and Unel, G. and Vandelli, W. and Vermeulen, J. and
            Von Der Schmitt, J. and Werner, P. and Wheeler-Ellis, S. and
            Wickens, F. and Wiedenmann, W. and Wilkens, H. and Winklmeier, F.
            and Wu, X. and Yasu, Y. and Zema, F. and Zhang, J. and Zobernig,
        H.},
    Journal = {IEEE Transactions on Nuclear Science},
    Month = {Fevereiro},
    Number = {1},
    Pages = {106-112},
    Title = {Integration of the Trigger and Data Acquisition Systems in {ATLAS}},
    Volume = {55},
    Year = {2008},
}

@techreport{TORRES2009,
      author       = "Torres, R C and de Lima, D E F and de Simas Filho, E F and
                      De Seixas, J M",
      title        = "Neural Online Filtering Based on Preprocessed Calorimeter
                      Data",
      institution  = "CERN",
      address      = "Geneva",
      month        = "Novembro",
      year         = "2009",
}

@techreport{NEGRI2012,
      author       = "Negri, A",
      title        = "Evolution of the Trigger and Data Acquisition System for
                      the ATLAS experiment",
      institution  = "CERN",
      address      = "Genebra",
      number       = "ATL-DAQ-PROC-2012-025",
      month        = "Junho",
      year         = "2012",
}

@book{WIGMANS2000,
  title={Calorimetry: Energy measurement in particle physics},
  author={Wigmans, R.},
  volume={107},
  year={2000},
  publisher={Oxford University Press},
  address={{E.U.A.}}
}

@inproceedings{VENTURA2010,
  title={The muon high level trigger of the ATLAS experiment},
  author={Ventura, A. and others},
  booktitle={Journal of Physics: Conference Series},
  volume={219},
  number={3},
  pages={032025},
  year={2010},
  organization={IOP Publishing}
}

@techreport{DIMATTIA2003,
      author       = "Di Mattia, A and Falciano, S and Nisati, A",
      title        = "The implementation of the muFast algorithm in the new PESA
                      framework 021",
      institution  = "CERN",
      address      = "Genebra",
      month        = "Agosto",
      year         = "2003",
}

@techreport{DIMATTIA2011,
      author       = "Di Mattia, A",
      title        = "Online Muon Reconstruction in the ATLAS Muon Spectrometer
                      at the Level-2 stage of the Event Selection",
      institution  = "CERN",
      address      = "Geneva",
      number       = "ATL-DAQ-PROC-2011-039",
      month        = "Nov",
      year         = "2011",
}

@article{COSMICRAY2010,
      author       = {{The ATLAS Collaboration}},
      title        = "Studies of the performance of the ATLAS detector using
                      cosmic-ray muons.",
      journal      = "Eur. Phys. J. C",
      volume       = "71",
      pages        = "1593--1626",
      month        = "Dezembro",
      year         = "2010",
}

@article{USAI2004,
  title={Trigger of low pT muons with the ATLAS hadronic calorimeter},
  author={Usai, G.},
  journal={Nuclear Instruments and Methods in Physics Research Section A: Accelerators, Spectrometers, Detectors and Associated Equipment},
  volume={518},
  number={1},
  pages={36--38},
  year={2004},
  publisher={Elsevier}
}

@book{HAYKIN2008,
  title={{Neural Network: A comprehensive foundation}},
  author={Haykin, S.},
  volume={3},
  year={2008},
  publisher={Prentice Hall},
  address={{E.U.A.}}
}

@article{BISHOP1995,
  title={Neural networks for pattern recognition},
  author={Bishop, C.M. and others},
  year={1995},
  publisher={Clarendon press Oxford}
}
@article{ICHIKAWA1992,
  title={Neural network application for direct feedback controllers},
  author={Ichikawa, Y. and Sawa, T.},
  journal={Neural Networks, IEEE Transactions on},
  volume={3},
  number={2},
  pages={224--231},
  year={1992},
  publisher={IEEE}
}

@book{WASSERMAN1989,
  title={Neural computing: theory and practice},
  author={Wasserman, P.D.},
  year={1989},
  publisher={Van Nostrand Reinhold Co.},
  address={{E.U.A.}}
}

@techreport{LAPEDES1987,
  title={Nonlinear signal processing using neural networks: Prediction and system modelling},
  author={Lapedes, A. and Farber, R.},
  year={1987}
}

@article{DENG2011,
  title={A novel parallel hybrid intelligence optimization algorithm for a function approximation problem},
  author={Deng, W. and Chen, R. and Gao, J. and Song, Y. and Xu, J.},
  journal={Computers \& Mathematics with Applications},
  year={2011},
  publisher={Elsevier}
}

@inproceedings{CIODARO2012,
  title={Online particle detection with Neural Networks based on topological calorimetry information},
  author={Ciodaro, T. and Deva, D. and de Seixas, JM and Damazio, D.},
  booktitle={Journal of Physics: Conference Series},
  volume={368},
  number={1},
  pages={012030},
  year={2012},
  organization={IOP Publishing}
}

@inproceedings{RIEDMILLER1993,
  title={A direct adaptive method for faster backpropagation learning: The RPROP algorithm},
  author={Riedmiller, M. and Braun, H.},
  booktitle={Neural Networks, 1993., IEEE International Conference on},
  pages={586--591},
  year={1993},
  organization={IEEE}
}

@article{HARTIGAN1979,
  title={Algorithm AS 136: A k-means clustering algorithm},
  author={Hartigan, J.A. and Wong, M.A.},
  journal={Applied statistics},
  pages={100--108},
  year={1979},
  publisher={JSTOR}
}

@article{DAVIES1979,
  title={A cluster separation measure},
  author={Davies, D.L. and Bouldin, D.W.},
  journal={Pattern Analysis and Machine Intelligence, IEEE Transactions on},
  number={2},
  pages={224--227},
  year={1979},
  publisher={IEEE}
}

@article{TSENG2008,
  title={ATLAS Upgrade Plans for the SLHC},
  author={Tseng, J.},
  journal={Nuclear Physics B-Proceedings Supplements},
  volume={177},
  pages={212--216},
  year={2008},
  publisher={Elsevier}
}



